@article{schulte,
    author =       "Patrick Schulte and Georg Böcherer",
    title =        "Constant {Composition Distribution M}atching",
    journal =      "IEEE {Transactions on Information T}heory",
    volume =       "62",
    number =       "10",
    year =         "2016",
    DOI =  "10.1109/TIT.2015.2499181", 
    pages = "430 - 434"
}

@article{baur,
    author =       "Sebastian Baur and Georg Böcherer",
    title =        "{Arithmetic Distribution M}atching",
    journal =      "IEEE {Transactions on Information T}heory",
    volume =       "62",
    number =       "10",
    year =         "2014", 
    institution = "{Institute for Communications Engineering Technische Universität München, G}ermany"
}


@misc{gng,
author = {Guangxi Liu},
title = {{Gaussian noise generator Verilog IP core}},
howpublished = "\url{https://github.com/liuguangxi/gng}",
  year = {2016}
}

